
@MISC{sec_and_virt:survey,
   author =       "{Patrice Clemente, Jonathan Rouzaud-Cornaba}",
   title =        "{\it Security and Virtualization: a Survey}",
   url =          "https://hal.archives-ouvertes.fr/file/index/docid/995214/filename/RR-2010-06.pdf",
   note =         "[Online; visited 02.05.2018]"
}
  
@MISC{virt:iss_sec_thr_sol,
   author =       {Michael Pearce, Sherali Zeadally, Ray Hunt},
   title =        "{\it Virtualization: Issues, security threats, and solutions}",
   url =          "https://hal.archives-ouvertes.fr/file/index/docid/995214/filename/RR-2010-06.pdf",
   note =         "[Online; visited 02.05.2018]"
}
  
@MISC{xen_project,
   author =       "Linux Foundation",
   title =        "{\it Virtualization: Issues, security threats, and solutions}",
   url =          "https://www.xenproject.org/",
   note =         "[Online; visited 02.05.2018]"
}

@MISC{open_stack,
   author =       "{{Rackspace Cloud Computing}}",
   title =        "{\it Open source oftware for creating private and public clouds.}",
   url =          "https://www.openstack.org/",
   note =         "[Online; visited 02.05.2018]"
}
 
@MISC{apache_cloud_stack,
   author =       "Apache CloudStack",
   title =        "{\it Apache Cloudstack: Open Source Cloud Computing.}",
   url =          "https://cloudstack.apache.org/",
   note =         "[Online; visited 02.05.2018]"
}

@MISC{virtual_box,
   author =       "VirtualBox",
   title =        "{\it Oracle VM VirtualBox}",
   url =          "https://www.virtualbox.org/",
   note =         "[Online; visited 02.05.2018]"
}

@MISC{kvm,
   author =       "redhat",
   title =        "{\it What is KVM?}",
   url =          "https://www.redhat.com/en/topics/virtualization/what-is-KVM",
   note =         "[Online; visited 02.05.2018]"
}

@BOOK{user_mode_linux,
   author =       "Jeff Dike",
   title =        "{\it User Mode Linux}",
   publisher =    "Prentice Hall",
   year =         "2006",
   isbn =         "978-0131865051",
}

@MISC{docker,
   author =       "docker",
   title =        "{\it Docker - Build, Ship, and Run Any App, Anywhere}",
   url =          "https://www.docker.com/",
   note =         "[Online; visited 02.05.2018]"
}

@MISC{oci,
   author =       "OPEN CONTAINER INITIATIVE",
   title =        "{\it Open Containers Initiative}",
   url =          "https://www.opencontainers.org/",
   note =         "[Online; visited 02.05.2018]"
}

@MISC{wine,
   author =       "WINE HQ",
   title =        "{\it Wine Developer's Guide/Architecture Overview - WineHQ Wiki}",
   url =          "https://wiki.winehq.org/Wine_Developer%27s_Guide/Architecture_Overview",
   note =         "[Online; visited 02.05.2018]"
}

@MISC{wmvare,
   author =       "vmware",
   title =        "{\it VMware - Official site}",
   url =          "https://www.vmware.com/",
   note =         "[Online; visited 02.05.2018]"
}

@MISC{citrix,
   author =       "Citrix",
   title =        "{\it Mobilize Your Business with Secure App and Data Delivery - Citrix}",
   url =          "https://www.citrix.com/",
   note =         "[Online; visited 02.05.2018]"
}

@MISC{oracle,
   author =       "Oracle",
   title =        "{\it Oracle | Integrated Cloud Applications and Platform Services}",
   url =          "https://www.oracle.com/index.html",
   note =         "[Online; visited 02.05.2018]"
}

@MISC{microsoft,
   author =       "Microsoft",
   title =        "{\it Microsoft - Official Home Page}",
   url =          "https://www.microsoft.com/en-us/",
   note =         "[Online; visited 02.05.2018]"
}

@MISC{redhat,
   author =       "redhat",
   title =        "{\it Red Hat - We make open source technologies for the enterprise}",
   url =          "https://www.redhat.com/en",
   note =         "[Online; visited 02.05.2018]"
}

@MISC{rhev,
   author =       "redhat",
   title =        "{\it Virtualization for the enterprise}",
   url =          "https://www.redhat.com/en/technologies/virtualization/enterprise-virtualization",
   note =         "[Online; visited 02.05.2018]"
}

@MISC{ovirt,
   author =       "ovirt",
   title =        "{\it oVirt}",
   url =          "https://www.ovirt.org/",
   note =         "[Online; visited 02.05.2018]"
}

@MISC{git,
   author =       "GitHub",
   title =        "{\it xmacko10/IBP:bakalarka}",
   url =          "https://www.ovirt.org/",
   note =         "[Online; visited 02.05.2018]"
}

@BOOK{virt_book,
   author =       {Gerard Blokdijk, Ivanka Menken},
   title =        "{\it Virtualization - The Complete Cornerstone Guide to Virtualization Best Practices}",
   publisher =    "Emereo Publishing",
   year =         "2009",
   isbn =         "978-1-921523-91-5",
}
